<?xml version="1.0" encoding="UTF-8"?><record xmlns="http://www.loc.gov/MARC21/slim" xmlns:cinclude="http://apache.org/cocoon/include/1.0" xmlns:zs="http://www.loc.gov/zing/srw/">
  <leader>01415cz  a2200181n  4500</leader>
  <controlfield tag="001">n 2005034352</controlfield>
  <controlfield tag="003">DLC</controlfield>
  <controlfield tag="005">20120816075708.0</controlfield>
  <controlfield tag="008">050510n| acannaabn          |a ana      </controlfield>
  <datafield tag="010" ind1=" " ind2=" ">
    <subfield code="a">n 2005034352</subfield>
    <subfield code="z">n 2005006235</subfield>
  </datafield>
  <datafield tag="040" ind1=" " ind2=" ">
    <subfield code="a">DLC</subfield>
    <subfield code="b">eng</subfield>
    <subfield code="c">DLC</subfield>
    <subfield code="d">DLC</subfield>
  </datafield>
  <datafield tag="111" ind1="2" ind2=" ">
    <subfield code="a">International Forum on Problems of Science, Technology and Education "IIIrd Millennium--the New World"</subfield>
  </datafield>
  <datafield tag="411" ind1="2" ind2=" ">
    <subfield code="a">Forum on Problems of Science, Technology and Education "IIIrd Millennium--the New World", International</subfield>
  </datafield>
  <datafield tag="411" ind1="2" ind2=" ">
    <subfield code="a">International Forum on Problems of Science, Technology and Education "3rd Millennium--the New World"</subfield>
  </datafield>
  <datafield tag="411" ind1="2" ind2=" ">
    <subfield code="a">International Forum on Problems of Science, Technology and Education "Third Millennium--the New World"</subfield>
  </datafield>
  <datafield tag="411" ind1="2" ind2=" ">
    <subfield code="a">Mezhdunarodnyĭ forum po problemam nauki, tekhniki i obrazovanii︠a︡ "III tysi︠a︡cheletie--novyĭ mir"</subfield>
  </datafield>
  <datafield tag="667" ind1=" " ind2=" ">
    <subfield code="a">THIS 1XX FIELD CANNOT BE USED UNDER RDA UNTIL THIS RECORD HAS BEEN REVIEWED AND/OR UPDATED</subfield>
  </datafield>
  <datafield tag="670" ind1=" " ind2=" ">
    <subfield code="a">International Forum on Problems of Science, Technology and Education (2002 : Moscow, Russia). Trudy Mezhdunarodnogo foruma po problemam nauki, tekhniki i obrazovanii︠a︡:</subfield>
    <subfield code="b">t.p. (Mezhdunarodnyĭ forum po problemam nauki, tekhniki i obrazovanii︠a︡ "III tysi︠a︡cheletie--novyĭ mir"; International Forum on Problems of Science, Technology and Education; held 2-5 December 2002 in Moskow [sic], Russia) cover (the III d [sic] Millennium--the New World)</subfield>
  </datafield>
</record>